<record><leader>00000cas a22000007a 4500</leader><controlfield tag="001">17359129</controlfield><controlfield tag="008">880119d18891894ohuwr ne      0    0eng d</controlfield><datafield ind1=" " ind2=" " tag="010"><subfield code="a">sn 88077025 </subfield></datafield><datafield ind1=" " ind2=" " tag="040"><subfield code="a">ONP</subfield><subfield code="b">eng</subfield><subfield code="c">ONP</subfield><subfield code="d">OCLCQ</subfield></datafield><datafield ind1=" " ind2=" " tag="042"><subfield code="a">msc</subfield></datafield><datafield ind1="0" ind2=" " tag="130"><subfield code="a">Xenia Democrat-news (Xenia, Ohio : 1889)</subfield></datafield><datafield ind1="1" ind2="0" tag="245"><subfield code="a">Xenia Democrat-news.</subfield></datafield><datafield ind1=" " ind2=" " tag="260"><subfield code="a">Xenia, Ohio :</subfield><subfield code="b">Gaunce &amp; Baldwin,</subfield><subfield code="c">1889-1894.</subfield></datafield><datafield ind1=" " ind2=" " tag="310"><subfield code="a">Weekly</subfield></datafield><datafield ind1="0" ind2=" " tag="362"><subfield code="a">Vol. 16, no. 10 (Apr. 13, 1889)-v. 21, no. 48 (Dec. 29, 1894) = Whole no. 790-whole no. 1088.</subfield></datafield><datafield ind1=" " ind2=" " tag="525"><subfield code="a">Supplements accompany some issues.</subfield></datafield><datafield ind1=" " ind2=" " tag="752"><subfield code="a">United States</subfield><subfield code="b">Ohio</subfield><subfield code="c">Greene</subfield><subfield code="d">Xenia.</subfield></datafield><datafield ind1="0" ind2="0" tag="780"><subfield code="t">Xenia Democrat-news and the Greene County Democrat</subfield><subfield code="w">(DLC)sn 88077024</subfield></datafield><datafield ind1="0" ind2="7" tag="785"><subfield code="t">Xenia herald (Xenia, Ohio : 1891)</subfield></datafield><datafield ind1="0" ind2="7" tag="785"><subfield code="t">Xenia herald and Democrat-news (Xenia, Ohio : 1895)</subfield><subfield code="w">(DLC)sn 88077026</subfield></datafield></record>